<record><leader>00000cas a2200000 a 4500</leader><controlfield tag="001">12759268</controlfield><controlfield tag="008">851105d18941897ksuwr ne      0   a0eng c</controlfield><datafield ind1=" " ind2=" " tag="010"><subfield code="a">sn 85032018 </subfield></datafield><datafield ind1=" " ind2=" " tag="040"><subfield code="a">KSH</subfield><subfield code="b">eng</subfield><subfield code="c">KSH</subfield><subfield code="d">NPT</subfield><subfield code="d">DLC</subfield><subfield code="d">CNW</subfield><subfield code="d">CRL</subfield><subfield code="d">OCLCQ</subfield><subfield code="d">DLC</subfield><subfield code="d">OCLCF</subfield></datafield><datafield ind1="0" ind2=" " tag="022"><subfield code="a">2329-2520</subfield><subfield code="2">1</subfield></datafield><datafield ind1="1" ind2=" " tag="029"><subfield code="a">AU@</subfield><subfield code="b">000025833683</subfield></datafield><datafield ind1=" " ind2=" " tag="042"><subfield code="a">pcc</subfield><subfield code="a">nsdp</subfield></datafield><datafield ind1=" " ind2=" " tag="043"><subfield code="a">n-us-ks</subfield></datafield><datafield ind1="0" ind2="0" tag="050"><subfield code="a">Newspaper</subfield></datafield><datafield ind1="0" ind2="0" tag="082"><subfield code="a">071</subfield><subfield code="2">23</subfield></datafield><datafield ind1="0" ind2=" " tag="130"><subfield code="a">Advocate (Topeka, Kan. : 1894)</subfield></datafield><datafield ind1=" " ind2="4" tag="222"><subfield code="a">The advocate</subfield><subfield code="b">(Topeka, Kan. 1894. Print)</subfield></datafield><datafield ind1="1" ind2="4" tag="245"><subfield code="a">The advocate.</subfield></datafield><datafield ind1="1" ind2=" " tag="246"><subfield code="i">Title in publisher's box:</subfield><subfield code="a">Advocate and Topeka tribune</subfield><subfield code="f">Jan. 17, 1894-Dec. 25, 1895</subfield></datafield><datafield ind1=" " ind2=" " tag="260"><subfield code="a">Topeka, Kan. :</subfield><subfield code="b">Advocate Pub. Co.,</subfield><subfield code="c">1894-1897.</subfield></datafield><datafield ind1=" " ind2=" " tag="300"><subfield code="a">4 v. :</subfield><subfield code="b">ill. ;</subfield><subfield code="c">40 cm.</subfield></datafield><datafield ind1=" " ind2=" " tag="310"><subfield code="a">Weekly</subfield></datafield><datafield ind1="0" ind2=" " tag="362"><subfield code="a">Vol. 6, no. 3 (Jan. 17, 1894)-v. 9, no. 46 (Nov. 17, 1897).</subfield></datafield><datafield ind1=" " ind2=" " tag="500"><subfield code="a">Published by W.A. Peffer, Mar. 17-Nov. 17, 1897.</subfield></datafield><datafield ind1=" " ind2=" " tag="500"><subfield code="a">"Official State paper," Jan. 17, 1894-Mar. 27, 1895.</subfield></datafield><datafield ind1=" " ind2=" " tag="525"><subfield code="a">Some issues accompaniedy by supplements.</subfield></datafield><datafield ind1=" " ind2=" " tag="530"><subfield code="a">Also issued on microfilm from Kansas State Historical Society.</subfield></datafield><datafield ind1=" " ind2=" " tag="530"><subfield code="a">Archived issues are available in digital format as part of the Library of Congress Chronicling America online collection.</subfield></datafield><datafield ind1=" " ind2=" " tag="580"><subfield code="a">Also issued in a Shawnee County edition called: Advocate (Topeka, Kan. : 1895) Aug. 30, 1895-&lt;Mar. 4, 1896&gt;.</subfield></datafield><datafield ind1=" " ind2="0" tag="651"><subfield code="a">Topeka (Kan.)</subfield><subfield code="v">Newspapers.</subfield></datafield><datafield ind1=" " ind2="7" tag="655"><subfield code="a">Newspapers.</subfield><subfield code="2">fast</subfield><subfield code="0">(OCoLC)fst01423814</subfield></datafield><datafield ind1=" " ind2="7" tag="651"><subfield code="a">Kansas</subfield><subfield code="z">Topeka.</subfield><subfield code="2">fast</subfield><subfield code="0">(OCoLC)fst01207212</subfield></datafield><datafield ind1=" " ind2=" " tag="752"><subfield code="a">United States</subfield><subfield code="b">Kansas</subfield><subfield code="c">Shawnee</subfield><subfield code="d">Topeka.</subfield></datafield><datafield ind1="1" ind2=" " tag="775"><subfield code="t">Advocate (Topeka, Kan. : 1895)</subfield><subfield code="w">(DLC)sn 85032022</subfield><subfield code="w">(OCoLC)12759294</subfield></datafield><datafield ind1="0" ind2="8" tag="776"><subfield code="i">Online version:</subfield><subfield code="t">Advocate (Topeka, Kan. : 1894 : Online)</subfield><subfield code="x">2329-2539</subfield><subfield code="w">(DLC)  2013218784</subfield><subfield code="w">(OCoLC)844958555</subfield></datafield><datafield ind1="0" ind2="0" tag="780"><subfield code="t">Advocate and Topeka tribune</subfield><subfield code="w">(DLC)sn 85031982</subfield><subfield code="w">(OCoLC)12759375</subfield></datafield><datafield ind1="0" ind2="7" tag="785"><subfield code="t">Kansas news (Topeka, Kan. : 1897)</subfield><subfield code="w">(DLC)sn 85032020</subfield><subfield code="w">(OCoLC)12855809</subfield></datafield><datafield ind1="0" ind2="7" tag="785"><subfield code="t">Advocate and news</subfield><subfield code="x">2329-2547</subfield><subfield code="w">(DLC)sn 85032019</subfield><subfield code="w">(OCoLC)12759330</subfield></datafield><datafield ind1="4" ind2="1" tag="856"><subfield code="u">http://chroniclingamerica.loc.gov/lccn/sn85032018/issues</subfield></datafield></record>